@BOOKLET{Madsen2010,
  author = {Lars Madsen},
  title = {Introduktion til {LaTeX}},
  year = {2010},
  howpublished = {\url{http://www.imf.au.dk/system/latex/bog/}}
 }
 
@MISC{GIRAF20161stMeeting,
  author = {GIRAF},
  title = {Første Møde med Kunderne},
  year = {2016},
  howpublished = {\url{https://docs.google.com/document/d/1KiAGPk8NfO2YUPJDUcu9TrDZs1nYBL_YngjFSlHM3Bo/edit?usp=sharing}}
 }

 @MISC{GIRAFGOOGLEPLAY,
  author = {GIRAF},
  title = {Giraf at Google Play},
  year = {2016},
  howpublished = {\url{https://play.google.com/store/apps/developer?id=Giraf+Autism+Apps}}
 }
 

@BOOK{Mittelbach2005,
  author = {Frank Mittelbach},
  edition = {2. ed.},
  publisher = {Addison-Wesley},
  title = {The LATEX companion},
  year = 2005
}
