@online{networkencyclopedia2013time,
    editor = "The Network Encyclopedia",
    title = "Time Division Multiple Access (TDMA) in The Network Encyclopedia",
    year = "2013",
    url = "http://www.thenetworkencyclopedia.com/entry/time-division-multiple-access-tdma/",
    language = "american",
    organization = "The Network Encyclopedia",
    urldate = "2015-09-08"
}

@online{RFRX,
    editor = "Holy Stone Enterprise",
    title = "ASK RECEIVER MODULE",
    urldate = "2015-12-16",
    url = "https://www.sparkfun.com/datasheets/Wireless/General/MO-RX3400.pdf"
}


@online{RFTX,
    editor = "Holy Stone Enterprise",
    title = "SAW RESONATOR TRANSMITTER MODULE",
    urldate = "2015-12-16",
    url = "https://www.sparkfun.com/datasheets/Wireless/General/MO-SAWR.pdf"
}



@online{Ebackoff,
    editor = "Wikipedia",
    title = "Exponential backoff",
    year = "2015",
    url = "https://en.wikipedia.org/wiki/Exponential_backoff",
    language = "English",
    organization = "Wikipedia",
    urldate = "2015-11-30"
}


@online{networkencyclopedia2013advanced,
    editor = "The Network Encyclopedia",
    title = "Advanced Mobile Phone Service (AMPS) in The Network Encyclopedia",
    year = "2013",
    url = "http://www.thenetworkencyclopedia.com/entry/advanced-mobile-phone-service-amps/",
    language = "american",
    organization = "The Network Encyclopedia",
    urldate = "2015-09-08"
}

@article{falconer1995time,
    title={Time division multiple access methods for wireless personal communications},
    author={Falconer, David D and Adachi, Fumiyuki and Gudmundson, Bj{\"o}rn},
    journal={Communications Magazine, IEEE},
    url="http://marketingland.com/pew-61-percent-in-us-now-have-smartphones-46966",
    volume={33},
    number={1},
    pages={50--57},
    year={1995},
    publisher={IEEE}
}
@article{wirelessTradeoffs,
    title={Some Optimization Trade-offs in Wireless Network Coding},
    author={Sagduyu, Y.E and Ephremides, Anthony},
    journal={Information Sciences and Systems, 2006 40th Annual Conference on},
    pages={6--11},
    year={2006},
    publisher={IEEE},
    doi={10.1109/CISS.2006.286422}
}

@online{2013-SmartPhoneUse,
    editor = "Marketing Land",
    title={Percentage of smart phone use in the US},
    year = "2013",
    url = "http://marketingland.com/pew-61-percent-in-us-now-have-smartphones-46966 ",
    author = "Greg Sterling",
    language = "american",
    organization = "Marketing Land",
    urldate = "2015-09-13"
}

@online{2015ArduinoToolchain,
    editor = "Arduino",
    title= {Arduino Build Process},
    year = "2015",
    url = "https://www.arduino.cc/en/Hacking/BuildProcess",
    language = "english",
    organization = "Arduino",
    urldate = "2015-09-13"
}

%https://www.arduino.cc/en/Main/ArduinoBoardUno

@online{TeensyIsDopeMan,
    editor = "PJRC",
    title= {Teensy USB Development Board},
    year = "2015",
    url = "https://www.pjrc.com/teensy/",
    language = "english",
    urldate = "2015-12-09"
}

@book{beydeda2005model,
  title={Model-driven software development},
  author={Beydeda, Sami and Book, Matthias and Gruhn, Volker and others},
  volume={15},
  year={2005},
  publisher={Springer}
}

@online{ArduinoUNO,
    editor = "Arduino",
    title= {Arduino Uno},
    year = "2015",
    url = "https://www.arduino.cc/en/Main/ArduinoBoardUno",
    language = "english",
    organization = "Arduino",
    urldate = "2015-10-26"
}

% https://www.raspberrypi.org/

@online{RaspberryPI,
    editor = "The Raspberry Pi Foundation",
    title= {Raspberry Pi},
    year = "2015",
    url = "https://www.raspberrypi.org/",
    language = "english",
    organization = "The Raspberry Pi Foundation",
    urldate = "2015-10-26"
}

%https://www.pjrc.com/teensy/

@online{Teensy,
    editor = "The Teemsy Team",
    title= {Teensy},
    year = "2015",
    url = "https://www.pjrc.com/teensy/",
    language = "english",
    organization = "The Teemsy Team",
    urldate = "2015-10-26"
}

%http://playground.arduino.cc/Main/SimilarBoards#goShie

@online{ArduinoShields,
    editor = "Arduino",
    title= {Arduino Playground: Shields},
    year = "2015",
    url = "http://playground.arduino.cc/Main/SimilarBoards#goShie",
    language = "english",
    organization = "Arduino",
    urldate = "2015-10-26"
}
%https://www.arduino.cc/en/Reference/EEPROM
@online{EEPROM,
    editor = "Arduino",
    title= {Arduino - EEPROM},
    year = "2015",
    url = "https://www.arduino.cc/en/Reference/EEPROM",
    language = "english",
    organization = "Arduino",
    urldate = "2015-10-26"
}


@online{2015ArduinoRadioHead,
    editor = "Mike McCauley",
    title={RadioHead Packet Radio library for embedded microprocessors},
    year = "2015",
    url = "http://www.airspayce.com/mikem/arduino/RadioHead/",
    language = "english",
    organization = "Airspayce",
    urldate = "2015-09-13"
}

@online{NanoVM,
    editor = "Dr. Till Harbaum",
    title={The NanoVM - Java for the AVR},
    year = "2015",
    url = "http://www.harbaum.org/till/nanovm/index.shtml",
    language = "english",
    urldate = "2015-09-17"
}

@online{birthofarduino,
    author = "Justin Lahart",
    title = "Taking an Open-Source Approach to Hardware",
    year = "2009",
    note={\\\url{http://www.wsj.com/articles/SB100014240527487034994045745599}\\\url{60271468066}},
    language = "american",
    organization = "The Wall Street Journal",
    urldate = "2015-09-18"
}
%    url = "http://www.wsj.com/articles/SB10001424052748703499404574559960271468066",

@manual{arduino2015uno,
    title = "Arduino Board Uno",
    year = "2015",
    url = "https://www.arduino.cc/en/Main/ArduinoBoardUno",
    language = "american",
    orginazation = "Arduino",
    urldate = "2015-09-16"
}

@manual{coley2014beagle,
    title = "BeagleBone Black System Reference Manual",
    author = "Gerald Coley",
    editor = "Robert P J Day",
    date = "2014-05-22",
    version = "C.1",
    language = "american",
    url = "https://github.com/beagleboard/BeagleBone-Black/blob/master/BBB_SRM.pdf",
    urldate = "2015-09-16"
}

@online{wikipedia2015raspberry,
    title = "Raspberry Pi",
    organization = "Wikipedia, the free encyclopedia",
    date = "2015-09-15",
    language = "american",
    url = "https://en.wikipedia.org/wiki/Raspberry_Pi",
    urldate = "2015-09-16"
}

@online{UPPAAL,
    title = "UPPAAL.org",
    organization = "UPPAAL - Home website",
    date = "2015-06-02",
    language = "american",
    url = "http://www.uppaal.org/",
    urldate = "2015-12-09"
}

% http://www.ele.uri.edu/Courses/ele436/labs/ASKnFSK.pdf

@online{ASKnFSK,
    title = "Amplitude Shift Keying \& Frequency Shift Keying",
    author = "Ramdas Kumaresan",
    date = "2015-09-24",
    language = "american",
    url = "http://www.ele.uri.edu/Courses/ele436/labs/ASKnFSK.pdf",
    urldate = "2015-09-24"
}
@book{SEBOOK,
  author    = {Sommerville, Ian}, 
  title     = {Software Engineering},
  publisher = {Pearson},
  year      = 2015,
  edition   = 10,
  isbn      = {9781292096131}
}

@online{AntennaLength,
    title = "Monopole Antenna",
    organization = "Wikipedia, the free encyclopedia",
    date = "2015-10-25",
    language = "american",
    url = "https://en.wikipedia.org/wiki/Monopole_antenna",
    urldate = "2015-09-16"
}

@InProceedings{tutorial04,
  author={Gerd Behrmann and Alexandre David and Kim G. Larsen},
  title={A Tutorial on {\sc Uppaal}},
  booktitle={Formal Methods for the Design of Real-Time Systems: 4th 
  International School on Formal Methods for the Design of
  Computer, Communication, and Software Systems, SFM-RT 2004},
  year={2004},
  series={LNCS},
  number={3185},
  pages={200--236},
  editor={Marco Bernardo and Flavio Corradini},
  publisher={Springer--Verlag}
}

@inproceedings{Lonn:1997:FVT:826040.827011,
 author = {L\"{o}nn, Henrik and Pettersson, Paul},
 title = {Formal Verification of a TDMA Protocol Start-Up Mechanism},
 booktitle = {Proceedings of the 1997 Pacific Rim International Symposium on Fault-Tolerant Systems},
 series = {PRFTS '97},
 year = {1997},
 isbn = {0-8186-8212-4},
 pages = {235--},
 url = {http://dl.acm.org/citation.cfm?id=826040.827011},
 acmid = {827011},
 publisher = {IEEE Computer Society},
 address = {Washington, DC, USA},
} 

@INPROCEEDINGS{Havelund97formalmodeling,
    author = {Klaus Havelund and Arne Skou and Kim Guldstrand Larsen and Kristian Lund},
    title = {Formal Modeling and Analysis of an Audio/Video Protocol: An Industrial Case Study Using UPPAAL},
    booktitle = {In Proc. of the 18th IEEE Real-Time Systems Symposium},
    year = {1997},
    pages = {2--13},
    publisher = {IEEE Computer Society Press}
}

@inproceedings{gebremichael2004formal,
  title={A formal analysis of a car periphery supervision system},
  author={Gebremichael, Biniam and Usenko, Yaroslav S},
  booktitle={NIII, University of Nijmegen},
  year={2004}
}



@book{Sipser,
 author = {Sipser, Michael},
 title = {Introduction to the Theory of Computation},
 year = {1996},
 isbn = {053494728X},
 edition = {1st},
 publisher = {International Thomson Publishing},
} 

@article{DBLP:journals/sttt/DavidLLMP15,
  author    = {Alexandre David and
               Kim G. Larsen and
               Axel Legay and
               Marius Mikucionis and
               Danny B{\o}gsted Poulsen},
  title     = {Uppaal {SMC} tutorial},
  journal   = {{STTT}},
  volume    = {17},
  number    = {4},
  pages     = {397--415},
  year      = {2015},
  url       = {http://dx.doi.org/10.1007/s10009-014-0361-y},
  doi       = {10.1007/s10009-014-0361-y},
  timestamp = {Tue, 07 Jul 2015 11:08:47 +0200},
  biburl    = {http://dblp.uni-trier.de/rec/bib/journals/sttt/DavidLLMP15},
  bibsource = {dblp computer science bibliography, http://dblp.org}
}
